<record><leader>00000cas a22000007a 4500</leader><controlfield tag="001">10271729</controlfield><controlfield tag="008">840106d18841894mtuwr ne      0    0eng d</controlfield><datafield ind1=" " ind2=" " tag="010"><subfield code="a">sn 84036011 </subfield></datafield><datafield ind1=" " ind2=" " tag="040"><subfield code="a">MTL</subfield><subfield code="b">eng</subfield><subfield code="c">MTL</subfield><subfield code="d">OCLCQ</subfield></datafield><datafield ind1=" " ind2=" " tag="042"><subfield code="a">msc</subfield></datafield><datafield ind1="0" ind2="0" tag="245"><subfield code="a">Anaconda weekly review.</subfield></datafield><datafield ind1="3" ind2="0" tag="246"><subfield code="a">Anaconda review</subfield></datafield><datafield ind1=" " ind2=" " tag="260"><subfield code="a">Anaconda, Mont. :</subfield><subfield code="b">J.S. Mills,</subfield><subfield code="c">1884-1894.</subfield></datafield><datafield ind1=" " ind2=" " tag="300"><subfield code="a">11 v. :</subfield><subfield code="b">ill. ;</subfield><subfield code="c">50-63 cm.</subfield></datafield><datafield ind1=" " ind2=" " tag="310"><subfield code="a">Weekly</subfield></datafield><datafield ind1="0" ind2=" " tag="362"><subfield code="a">Vol. 1, no. 1 (May 10, 1884)-v. 11, no. 11 (July 12, 1894).</subfield></datafield><datafield ind1=" " ind2=" " tag="500"><subfield code="a">Sometimes published as: Anaconda review.</subfield></datafield><datafield ind1=" " ind2=" " tag="500"><subfield code="a">"Republican," "anti-[Anaconda] Company."</subfield></datafield><datafield ind1=" " ind2=" " tag="500"><subfield code="a">Publisher varies.</subfield></datafield><datafield ind1=" " ind2=" " tag="515"><subfield code="a">Some numbering irregularities.</subfield></datafield><datafield ind1=" " ind2=" " tag="752"><subfield code="a">United States</subfield><subfield code="b">Montana</subfield><subfield code="c">Deer Lodge</subfield><subfield code="d">Anaconda.</subfield></datafield><datafield ind1="0" ind2="0" tag="785"><subfield code="t">Railway review (Butte, Mont.)</subfield><subfield code="w">(DLC)sn 84036120</subfield></datafield></record>